@article{Nagai2020,
  doi = {10.1038/s41524-020-0310-0},
  url = {https://doi.org/10.1038/s41524-020-0310-0},
  year = {2020},
  month = may,
  publisher = {Springer Science and Business Media {LLC}},
  volume = {6},
  number = {1},
  author = {Ryo Nagai and Ryosuke Akashi and Osamu Sugino},
  title = {Completing density functional theory by machine learning hidden messages from molecules},
  journal = {npj Computational Materials}
}
@article{akiyama2015m,
  title={固体と流体の中間的媒質の揺動現象を解析するための支配方程式とその検証},
  author={秋山良平，澤田純男，後藤浩之},
  journal={土木学会論文集A1（構造・地震工学）},
  volume={71},
  number={4},
  pages={493-501},
  year={2015},
  doi={10.2208/jscejseee.71.493}
}